@article{Brune1970,
    author = {Brune, James N.},
    title = {Tectonic stress and the spectra of seismic shear waves from earthquakes},
    journal = {Journal of Geophysical Research (1896-1977)},
    volume = {75},
    number = {26},
    pages = {4997-5009},
    keywords = {Earthquakes: Energy, Seismology: Seismic Sources},
    doi = {10.1029/JB075i026p04997},
    year = {1970}
}
@article{Boatwright2002,
    author = {Boatwright, John and Choy, George L. and Seekins, Linda C.},
    title = "{Regional Estimates of Radiated Seismic Energy}",
    journal = {Bulletin of the Seismological Society of America},
    volume = {92},
    number = {4},
    pages = {1241-1255},
    year = {2002},
    month = {05},
    issn = {0037-1106},
    doi = {10.1785/0120000932},
}
@article{Lancieri2012,
    author = {Lancieri, Maria and Madariaga, Raul and Bonilla, Fabian},
    title = "{Spectral scaling of the aftershocks of the Tocopilla 2007 earthquake in northern Chile}",
    journal = {Geophysical Journal International},
    volume = {189},
    number = {1},
    pages = {469-480},
    year = {2012},
    month = {04},
    doi = {10.1111/j.1365-246X.2011.05327.x},
}
@incollection{Madariaga2011,
    title     = "Earthquake scaling laws",
    booktitle = "Extreme Environmental Events",
    author    = "Madariaga, Raul",
    publisher = "Springer New York",
    pages     = "364--383",
    year      =  2011,
    address   = "New York, NY",
    doi       = "10.1007/978-1-4419-7695-6_22",
    url       = "https://www.researchgate.net/publication/226065848_Earthquake_Scaling_Laws",
}